@article{schultz1997neural,
  title     = {A neural substrate of prediction and reward},
  author    = {Schultz, Wolfram and Dayan, Peter and Montague, P Read},
  journal   = {Science},
  volume    = {275},
  number    = {5306},
  pages     = {1593--1599},
  year      = {1997},
  publisher = {American Association for the Advancement of Science}
}

@article{schrittwieser2020mastering,
  title     = {Mastering atari, go, chess and shogi by planning with a learned model},
  author    = {Schrittwieser, Julian and Antonoglou, Ioannis and Hubert, Thomas and Simonyan, Karen and Sifre, Laurent and Schmitt, Simon and Guez, Arthur and Lockhart, Edward and Hassabis, Demis and Graepel, Thore and others},
  journal   = {Nature},
  volume    = {588},
  number    = {7839},
  pages     = {604--609},
  year      = {2020},
  publisher = {Nature Publishing Group UK London}
}

@article{vinyals2019grandmaster,
  title     = {Grandmaster level in {StarCraft II} using multi-agent reinforcement learning},
  author    = {Vinyals, Oriol and Babuschkin, Igor and Czarnecki, Wojciech M and Mathieu, Micha{\"e}l and Dudzik, Andrew and Chung, Junyoung and Choi, David H and Powell, Richard and Ewalds, Timo and Georgiev, Petko and others},
  journal   = {Nature},
  volume    = {575},
  number    = {7782},
  pages     = {350--354},
  year      = {2019},
  publisher = {Nature Publishing Group UK London}
}

@article{wurman2022outracing,
  title     = {Outracing champion {Gran Turismo} drivers with deep reinforcement learning},
  author    = {Wurman, Peter R and Barrett, Samuel and Kawamoto, Kenta and MacGlashan, James and Subramanian, Kaushik and Walsh, Thomas J and Capobianco, Roberto and Devlic, Alisa and Eckert, Franziska and Fuchs, Florian and others},
  journal   = {Nature},
  volume    = {602},
  number    = {7896},
  pages     = {223--228},
  year      = {2022},
  publisher = {Nature Publishing Group UK London}
}

@article{mnih2013playing,
  title   = {Playing atari with deep reinforcement learning},
  author  = {Mnih, Volodymyr and Kavukcuoglu, Koray and Silver, David and Graves, Alex and Antonoglou, Ioannis and Wierstra, Daan and Riedmiller, Martin},
  journal = {arXiv preprint arXiv:1312.5602},
  year    = {2013}
}

@article{wang2018prefrontal,
  title     = {Prefrontal cortex as a meta-reinforcement learning system},
  author    = {Wang, Jane X and Kurth-Nelson, Zeb and Kumaran, Dharshan and Tirumala, Dhruva and Soyer, Hubert and Leibo, Joel Z and Hassabis, Demis and Botvinick, Matthew},
  journal   = {Nature neuroscience},
  volume    = {21},
  number    = {6},
  pages     = {860--868},
  year      = {2018},
  publisher = {Nature Publishing Group}
}

@article{dabney2020distributional,
  title     = {A distributional code for value in dopamine-based reinforcement learning},
  author    = {Dabney, Will and Kurth-Nelson, Zeb and Uchida, Naoshige and Starkweather, Clara Kwon and Hassabis, Demis and Munos, R{\'e}mi and Botvinick, Matthew},
  journal   = {Nature},
  volume    = {577},
  number    = {7792},
  pages     = {671--675},
  year      = {2020},
  publisher = {Nature Publishing Group UK London}
}

@article{botvinick2020deep,
  title     = {Deep reinforcement learning and its neuroscientific implications},
  author    = {Botvinick, Matthew and Wang, Jane X and Dabney, Will and Miller, Kevin J and Kurth-Nelson, Zeb},
  journal   = {Neuron},
  volume    = {107},
  number    = {4},
  pages     = {603--616},
  year      = {2020},
  publisher = {Elsevier}
}

@article{jensen2023recurrent,
  title     = {A recurrent network model of planning explains hippocampal replay and human behavior},
  author    = {Jensen, Kristopher T and Hennequin, Guillaume and Mattar, Marcelo G},
  journal   = {bioRxiv},
  pages     = {2023--01},
  year      = {2023},
  publisher = {Cold Spring Harbor Laboratory}
}

@book{sutton2018reinforcement,
  title     = {Reinforcement learning: An introduction},
  author    = {Sutton, Richard S and Barto, Andrew G},
  year      = {2018},
  publisher = {MIT press}
}

@article{stachenfeld2017hippocampus,
  title     = {The hippocampus as a predictive map},
  author    = {Stachenfeld, Kimberly L and Botvinick, Matthew M and Gershman, Samuel J},
  journal   = {Nature neuroscience},
  volume    = {20},
  number    = {11},
  pages     = {1643--1653},
  year      = {2017},
  publisher = {Nature Publishing Group US New York}
}

@article{momennejad2017successor,
  title     = {The successor representation in human reinforcement learning},
  author    = {Momennejad, Ida and Russek, Evan M and Cheong, Jin H and Botvinick, Matthew M and Daw, Nathaniel Douglass and Gershman, Samuel J},
  journal   = {Nature human behaviour},
  volume    = {1},
  number    = {9},
  pages     = {680--692},
  year      = {2017},
  publisher = {Nature Publishing Group UK London}
}


@article{williams1992simple,
  title     = {Simple statistical gradient-following algorithms for connectionist reinforcement learning},
  author    = {Williams, Ronald J},
  journal   = {Machine learning},
  volume    = {8},
  pages     = {229--256},
  year      = {1992},
  publisher = {Springer}
}

@article{dayan1993improving,
  title     = {Improving generalization for temporal difference learning: The successor representation},
  author    = {Dayan, Peter},
  journal   = {Neural computation},
  volume    = {5},
  number    = {4},
  pages     = {613--624},
  year      = {1993},
  publisher = {MIT Press}
}

@article{watkins1992q,
  title     = {Q-learning},
  author    = {Watkins, Christopher JCH and Dayan, Peter},
  journal   = {Machine learning},
  volume    = {8},
  pages     = {279--292},
  year      = {1992},
  publisher = {Springer}
}

@article{watkins1989learning,
  title     = {Learning from delayed rewards},
  author    = {Watkins, Christopher John Cornish Hellaby},
  year      = {1989},
  publisher = {King's College, Cambridge United Kingdom}
}

@article{sutton1991dyna,
  title     = {Dyna, an integrated architecture for learning, planning, and reacting},
  author    = {Sutton, Richard S},
  journal   = {ACM Sigart Bulletin},
  volume    = {2},
  number    = {4},
  pages     = {160--163},
  year      = {1991},
  publisher = {ACM New York, NY, USA}
}

@article{keramati2016adaptive,
  title     = {Adaptive integration of habits into depth-limited planning defines a habitual-goal--directed spectrum},
  author    = {Keramati, Mehdi and Smittenaar, Peter and Dolan, Raymond J and Dayan, Peter},
  journal   = {Proceedings of the National Academy of Sciences},
  volume    = {113},
  number    = {45},
  pages     = {12868--12873},
  year      = {2016},
  publisher = {National Acad Sciences}
}

@article{mattar2018prioritized,
  title     = {Prioritized memory access explains planning and hippocampal replay},
  author    = {Mattar, Marcelo G and Daw, Nathaniel D},
  journal   = {Nature neuroscience},
  volume    = {21},
  number    = {11},
  pages     = {1609--1617},
  year      = {2018},
  publisher = {Nature Publishing Group US New York}
}

@article{hart1968formal,
  title     = {A formal basis for the heuristic determination of minimum cost paths},
  author    = {Hart, Peter E and Nilsson, Nils J and Raphael, Bertram},
  journal   = {IEEE transactions on Systems Science and Cybernetics},
  volume    = {4},
  number    = {2},
  pages     = {100--107},
  year      = {1968},
  publisher = {IEEE}
}

@article{silver2018general,
  title     = {A general reinforcement learning algorithm that masters chess, shogi, and Go through self-play},
  author    = {Silver, David and Hubert, Thomas and Schrittwieser, Julian and Antonoglou, Ioannis and Lai, Matthew and Guez, Arthur and Lanctot, Marc and Sifre, Laurent and Kumaran, Dharshan and Graepel, Thore and others},
  journal   = {Science},
  volume    = {362},
  number    = {6419},
  pages     = {1140--1144},
  year      = {2018},
  publisher = {American Association for the Advancement of Science}
}

@article{callaway2022rational,
  title     = {Rational use of cognitive resources in human planning},
  author    = {Callaway, Frederick and van Opheusden, Bas and Gul, Sayan and Das, Priyam and Krueger, Paul M and Griffiths, Thomas L and Lieder, Falk},
  journal   = {Nature Human Behaviour},
  volume    = {6},
  number    = {8},
  pages     = {1112--1125},
  year      = {2022},
  publisher = {Nature Publishing Group UK London}
}

@article{griffiths2019doing,
  title     = {Doing more with less: meta-reasoning and meta-learning in humans and machines},
  author    = {Griffiths, Thomas L and Callaway, Frederick and Chang, Michael B and Grant, Erin and Krueger, Paul M and Lieder, Falk},
  journal   = {Current Opinion in Behavioral Sciences},
  volume    = {29},
  pages     = {24--30},
  year      = {2019},
  publisher = {Elsevier}
}

@article{vul2014one,
  title     = {One and done? Optimal decisions from very few samples},
  author    = {Vul, Edward and Goodman, Noah and Griffiths, Thomas L and Tenenbaum, Joshua B},
  journal   = {Cognitive science},
  volume    = {38},
  number    = {4},
  pages     = {599--637},
  year      = {2014},
  publisher = {Wiley Online Library}
}

@article{daw2011model,
  title     = {Model-based influences on humans' choices and striatal prediction errors},
  author    = {Daw, Nathaniel D and Gershman, Samuel J and Seymour, Ben and Dayan, Peter and Dolan, Raymond J},
  journal   = {Neuron},
  volume    = {69},
  number    = {6},
  pages     = {1204--1215},
  year      = {2011},
  publisher = {Elsevier}
}

@article{geerts2020general,
  title     = {A general model of hippocampal and dorsal striatal learning and decision making},
  author    = {Geerts, Jesse P and Chersi, Fabian and Stachenfeld, Kimberly L and Burgess, Neil},
  journal   = {Proceedings of the National Academy of Sciences},
  volume    = {117},
  number    = {49},
  pages     = {31427--31437},
  year      = {2020},
  publisher = {National Acad Sciences}
}

@article{yin2004lesions,
  title     = {Lesions of dorsolateral striatum preserve outcome expectancy but disrupt habit formation in instrumental learning},
  author    = {Yin, Henry H and Knowlton, Barbara J and Balleine, Bernard W},
  journal   = {European journal of neuroscience},
  volume    = {19},
  number    = {1},
  pages     = {181--189},
  year      = {2004},
  publisher = {Wiley Online Library}
}

@article{yin2005role,
  title     = {The role of the dorsomedial striatum in instrumental conditioning},
  author    = {Yin, Henry H and Ostlund, Sean B and Knowlton, Barbara J and Balleine, Bernard W},
  journal   = {European Journal of Neuroscience},
  volume    = {22},
  number    = {2},
  pages     = {513--523},
  year      = {2005},
  publisher = {Wiley Online Library}
}

@article{vikbladh2019hippocampal,
  title     = {Hippocampal contributions to model-based planning and spatial memory},
  author    = {Vikbladh, Oliver M and Meager, Michael R and King, John and Blackmon, Karen and Devinsky, Orrin and Shohamy, Daphna and Burgess, Neil and Daw, Nathaniel D},
  journal   = {Neuron},
  volume    = {102},
  number    = {3},
  pages     = {683--693},
  year      = {2019},
  publisher = {Elsevier}
}

@article{miller2017dorsal,
  title     = {Dorsal hippocampus contributes to model-based planning},
  author    = {Miller, Kevin J and Botvinick, Matthew M and Brody, Carlos D},
  journal   = {Nature neuroscience},
  volume    = {20},
  number    = {9},
  pages     = {1269--1276},
  year      = {2017},
  publisher = {Nature Publishing Group US New York}
}

@article{niv2009reinforcement,
  title     = {Reinforcement learning in the brain},
  author    = {Niv, Yael},
  journal   = {Journal of Mathematical Psychology},
  volume    = {53},
  number    = {3},
  pages     = {139--154},
  year      = {2009},
  publisher = {Elsevier}
}

@article{daw2005uncertainty,
  title     = {Uncertainty-based competition between prefrontal and dorsolateral striatal systems for behavioral control},
  author    = {Daw, Nathaniel D and Niv, Yael and Dayan, Peter},
  journal   = {Nature neuroscience},
  volume    = {8},
  number    = {12},
  pages     = {1704--1711},
  year      = {2005},
  publisher = {Nature Publishing Group US New York}
}

@article{botvinick2014computational,
  title     = {The computational and neural basis of cognitive control: charted territory and new frontiers},
  author    = {Botvinick, Matthew M and Cohen, Jonathan D},
  journal   = {Cognitive science},
  volume    = {38},
  number    = {6},
  pages     = {1249--1285},
  year      = {2014},
  publisher = {Wiley Online Library}
}

@article{mizes2023motor,
  title     = {Motor cortex is required for flexible but not automatic motor sequences},
  author    = {Mizes, Kevin GC and Lindsey, Jack and Escola, G Sean and Olveczky, Bence P},
  journal   = {bioRxiv},
  pages     = {2023--09},
  year      = {2023},
  publisher = {Cold Spring Harbor Laboratory}
}

@article{levine2018reinforcement,
  title   = {Reinforcement learning and control as probabilistic inference: Tutorial and review},
  author  = {Levine, Sergey},
  journal = {arXiv preprint arXiv:1805.00909},
  year    = {2018}
}

@article{piray2021linear,
  title     = {Linear reinforcement learning in planning, grid fields, and cognitive control},
  author    = {Piray, Payam and Daw, Nathaniel D},
  journal   = {Nature communications},
  volume    = {12},
  number    = {1},
  pages     = {1--20},
  year      = {2021},
  publisher = {Nature Publishing Group}
}

@article{todorov2006linearly,
  title   = {Linearly-solvable Markov decision problems},
  author  = {Todorov, Emanuel},
  journal = {Advances in neural information processing systems},
  volume  = {19},
  year    = {2006}
}

@article{todorov2009efficient,
  title     = {Efficient computation of optimal actions},
  author    = {Todorov, Emanuel},
  journal   = {Proceedings of the national academy of sciences},
  volume    = {106},
  number    = {28},
  pages     = {11478--11483},
  year      = {2009},
  publisher = {National Acad Sciences}
}


@incollection{lai2021policy,
  title     = {Policy compression: An information bottleneck in action selection},
  author    = {Lai, Lucy and Gershman, Samuel J},
  booktitle = {Psychology of Learning and Motivation},
  volume    = {74},
  pages     = {195--232},
  year      = {2021},
  publisher = {Elsevier}
}

@incollection{tishby2011information,
  title     = {Information theory of decisions and actions},
  author    = {Tishby, Naftali and Polani, Daniel},
  booktitle = {Perception-action cycle},
  pages     = {601--636},
  year      = {2011},
  publisher = {Springer}
}

@inproceedings{toussaint2006probabilistic,
  title     = {Probabilistic inference for solving discrete and continuous state Markov Decision Processes},
  author    = {Toussaint, Marc and Storkey, Amos},
  booktitle = {Proceedings of the 23rd international conference on Machine learning},
  pages     = {945--952},
  year      = {2006}
}

@article{botvinick2012planning,
  title     = {Planning as inference},
  author    = {Botvinick, Matthew and Toussaint, Marc},
  journal   = {Trends in cognitive sciences},
  volume    = {16},
  number    = {10},
  pages     = {485--488},
  year      = {2012},
  publisher = {Elsevier}
}

@article{solway2012goal,
  title     = {Goal-directed decision making as probabilistic inference: a computational framework and potential neural correlates.},
  author    = {Solway, Alec and Botvinick, Matthew M},
  journal   = {Psychological review},
  volume    = {119},
  number    = {1},
  pages     = {120},
  year      = {2012},
  publisher = {American Psychological Association}
}

@article{sutton1999between,
  title     = {Between MDPs and semi-MDPs: A framework for temporal abstraction in reinforcement learning},
  author    = {Sutton, Richard S and Precup, Doina and Singh, Satinder},
  journal   = {Artificial intelligence},
  volume    = {112},
  number    = {1-2},
  pages     = {181--211},
  year      = {1999},
  publisher = {Elsevier}
}

@article{makino2023arithmetic,
  title     = {Arithmetic value representation for hierarchical behavior composition},
  author    = {Makino, Hiroshi},
  journal   = {Nature Neuroscience},
  volume    = {26},
  number    = {1},
  pages     = {140--149},
  year      = {2023},
  publisher = {Nature Publishing Group US New York}
}

@article{schaul2015prioritized,
  title   = {Prioritized experience replay},
  author  = {Schaul, Tom and Quan, John and Antonoglou, Ioannis and Silver, David},
  journal = {arXiv preprint arXiv:1511.05952},
  year    = {2015}
}

@article{merel2019deep,
  title   = {Deep neuroethology of a virtual rodent},
  author  = {Merel, Josh and Aldarondo, Diego and Marshall, Jesse and Tassa, Yuval and Wayne, Greg and {\"O}lveczky, Bence},
  journal = {arXiv preprint arXiv:1911.09451},
  year    = {2019}
}

@inproceedings{finn2017model,
  title        = {Model-agnostic meta-learning for fast adaptation of deep networks},
  author       = {Finn, Chelsea and Abbeel, Pieter and Levine, Sergey},
  booktitle    = {International conference on machine learning},
  pages        = {1126--1135},
  year         = {2017},
  organization = {PMLR}
}

@inproceedings{ritter2018been,
  title        = {Been there, done that: Meta-learning with episodic recall},
  author       = {Ritter, Samuel and Wang, Jane and Kurth-Nelson, Zeb and Jayakumar, Siddhant and Blundell, Charles and Pascanu, Razvan and Botvinick, Matthew},
  booktitle    = {International conference on machine learning},
  pages        = {4354--4363},
  year         = {2018},
  organization = {PMLR}
}

@article{duan2016rl,
  title   = {{RL2}: Fast reinforcement learning via slow reinforcement learning},
  author  = {Duan, Yan and Schulman, John and Chen, Xi and Bartlett, Peter L and Sutskever, Ilya and Abbeel, Pieter},
  journal = {arXiv preprint arXiv:1611.02779},
  year    = {2016}
}

@article{wang2016learning,
  title   = {Learning to reinforcement learn},
  author  = {Wang, Jane X and Kurth-Nelson, Zeb and Tirumala, Dhruva and Soyer, Hubert and Leibo, Joel Z and Munos, Remi and Blundell, Charles and Kumaran, Dharshan and Botvinick, Matt},
  journal = {arXiv preprint arXiv:1611.05763},
  year    = {2016}
}

@article{banino2018vector,
  title     = {Vector-based navigation using grid-like representations in artificial agents},
  author    = {Banino, Andrea and Barry, Caswell and Uria, Benigno and Blundell, Charles and Lillicrap, Timothy and Mirowski, Piotr and Pritzel, Alexander and Chadwick, Martin J and Degris, Thomas and Modayil, Joseph and others},
  journal   = {Nature},
  volume    = {557},
  number    = {7705},
  pages     = {429--433},
  year      = {2018},
  publisher = {Nature Publishing Group UK London}
}

@inproceedings{van2016deep,
  title     = {Deep reinforcement learning with double q-learning},
  author    = {Van Hasselt, Hado and Guez, Arthur and Silver, David},
  booktitle = {Proceedings of the AAAI conference on artificial intelligence},
  volume    = {30},
  number    = {1},
  year      = {2016}
}

@article{lillicrap2015continuous,
  title   = {Continuous control with deep reinforcement learning},
  author  = {Lillicrap, Timothy P and Hunt, Jonathan J and Pritzel, Alexander and Heess, Nicolas and Erez, Tom and Tassa, Yuval and Silver, David and Wierstra, Daan},
  journal = {arXiv preprint arXiv:1509.02971},
  year    = {2015}
}

@article{kalashnikov2018qt,
  title   = {Qt-opt: Scalable deep reinforcement learning for vision-based robotic manipulation},
  author  = {Kalashnikov, Dmitry and Irpan, Alex and Pastor, Peter and Ibarz, Julian and Herzog, Alexander and Jang, Eric and Quillen, Deirdre and Holly, Ethan and Kalakrishnan, Mrinal and Vanhoucke, Vincent and others},
  journal = {arXiv preprint arXiv:1806.10293},
  year    = {2018}
}

@article{levine2020offline,
  title   = {Offline reinforcement learning: Tutorial, review, and perspectives on open problems},
  author  = {Levine, Sergey and Kumar, Aviral and Tucker, George and Fu, Justin},
  journal = {arXiv preprint arXiv:2005.01643},
  year    = {2020}
}

@article{pan2017agile,
  title   = {Agile autonomous driving using end-to-end deep imitation learning},
  author  = {Pan, Yunpeng and Cheng, Ching-An and Saigol, Kamil and Lee, Keuntaek and Yan, Xinyan and Theodorou, Evangelos and Boots, Byron},
  journal = {arXiv preprint arXiv:1709.07174},
  year    = {2017}
}

@article{loukola2017bumblebees,
  title     = {Bumblebees show cognitive flexibility by improving on an observed complex behavior},
  author    = {Loukola, Olli J and Solvi, Cwyn and Coscos, Louie and Chittka, Lars},
  journal   = {Science},
  volume    = {355},
  number    = {6327},
  pages     = {833--836},
  year      = {2017},
  publisher = {American Association for the Advancement of Science}
}

@article{eckstein2020computational,
  title     = {Computational evidence for hierarchically structured reinforcement learning in humans},
  author    = {Eckstein, Maria K and Collins, Anne GE},
  journal   = {Proceedings of the National Academy of Sciences},
  volume    = {117},
  number    = {47},
  pages     = {29381--29389},
  year      = {2020},
  publisher = {National Acad Sciences}
}

@article{pateria2021hierarchical,
  title     = {Hierarchical reinforcement learning: A comprehensive survey},
  author    = {Pateria, Shubham and Subagdja, Budhitama and Tan, Ah-hwee and Quek, Chai},
  journal   = {ACM Computing Surveys (CSUR)},
  volume    = {54},
  number    = {5},
  pages     = {1--35},
  year      = {2021},
  publisher = {ACM New York, NY, USA}
}

@article{agrawal2022temporal,
  title     = {The temporal dynamics of opportunity costs: A normative account of cognitive fatigue and boredom.},
  author    = {Agrawal, Mayank and Mattar, Marcelo G and Cohen, Jonathan D and Daw, Nathaniel D},
  journal   = {Psychological review},
  volume    = {129},
  number    = {3},
  pages     = {564},
  year      = {2022},
  publisher = {American Psychological Association}
}

@article{jaderberg2016reinforcement,
  title   = {Reinforcement learning with unsupervised auxiliary tasks},
  author  = {Jaderberg, Max and Mnih, Volodymyr and Czarnecki, Wojciech Marian and Schaul, Tom and Leibo, Joel Z and Silver, David and Kavukcuoglu, Koray},
  journal = {arXiv preprint arXiv:1611.05397},
  year    = {2016}
}

@article{zintgraf2019varibad,
  title   = {{VariBAD}: A very good method for bayes-adaptive deep {RL} via meta-learning},
  author  = {Zintgraf, Luisa and Shiarlis, Kyriacos and Igl, Maximilian and Schulze, Sebastian and Gal, Yarin and Hofmann, Katja and Whiteson, Shimon},
  journal = {arXiv preprint arXiv:1910.08348},
  year    = {2019}
}

@article{whittington2020tolman,
  title     = {The {T}olman-{E}ichenbaum machine: unifying space and relational memory through generalization in the hippocampal formation},
  author    = {Whittington, James CR and Muller, Timothy H and Mark, Shirley and Chen, Guifen and Barry, Caswell and Burgess, Neil and Behrens, Timothy EJ},
  journal   = {Cell},
  volume    = {183},
  number    = {5},
  pages     = {1249--1263},
  year      = {2020},
  publisher = {Elsevier}
}

@article{rao1999predictive,
  title     = {Predictive coding in the visual cortex: a functional interpretation of some extra-classical receptive-field effects},
  author    = {Rao, Rajesh PN and Ballard, Dana H},
  journal   = {Nature neuroscience},
  volume    = {2},
  number    = {1},
  pages     = {79--87},
  year      = {1999},
  publisher = {Nature Publishing Group}
}

@article{blanco2021dopamine,
  title   = {Dopamine reports reward prediction errors, but does not update policy, during inference-guided choice},
  author  = {Blanco-Pozo, Marta and Akam, Thomas and Walton, Mark},
  journal = {bioRxiv},
  year    = {2021}
}

@article{barreto2017successor,
  title   = {Successor features for transfer in reinforcement learning},
  author  = {Barreto, Andr{\'e} and Dabney, Will and Munos, R{\'e}mi and Hunt, Jonathan J and Schaul, Tom and van Hasselt, Hado P and Silver, David},
  journal = {Advances in neural information processing systems},
  volume  = {30},
  year    = {2017}
}

@article{vertes2019neurally,
  title   = {A neurally plausible model learns successor representations in partially observable environments},
  author  = {V{\'e}rtes, Eszter and Sahani, Maneesh},
  journal = {Advances in Neural Information Processing Systems},
  volume  = {32},
  year    = {2019}
}

@article{steinmetz2021neuropixels,
  title     = {Neuropixels 2.0: A miniaturized high-density probe for stable, long-term brain recordings},
  author    = {Steinmetz, Nicholas A and Aydin, Cagatay and Lebedeva, Anna and Okun, Michael and Pachitariu, Marius and Bauza, Marius and Beau, Maxime and Bhagat, Jai and B{\"o}hm, Claudia and Broux, Martijn and others},
  journal   = {Science},
  volume    = {372},
  number    = {6539},
  pages     = {eabf4588},
  year      = {2021},
  publisher = {American Association for the Advancement of Science}
}

@article{pachitariu2016suite2p,
  title     = {Suite2p: beyond 10,000 neurons with standard two-photon microscopy},
  author    = {Pachitariu, Marius and Stringer, Carsen and Schr{\"o}der, Sylvia and Dipoppa, Mario and Rossi, L Federico and Carandini, Matteo and Harris, Kenneth D},
  journal   = {BioRxiv},
  pages     = {061507},
  year      = {2016},
  publisher = {Cold Spring Harbor Laboratory}
}

@article{mathis2018deeplabcut,
  title     = {DeepLabCut: markerless pose estimation of user-defined body parts with deep learning},
  author    = {Mathis, Alexander and Mamidanna, Pranav and Cury, Kevin M and Abe, Taiga and Murthy, Venkatesh N and Mathis, Mackenzie Weygandt and Bethge, Matthias},
  journal   = {Nature neuroscience},
  volume    = {21},
  number    = {9},
  pages     = {1281--1289},
  year      = {2018},
  publisher = {Nature Publishing Group}
}

@article{dunn2021geometric,
  title     = {Geometric deep learning enables 3D kinematic profiling across species and environments},
  author    = {Dunn, Timothy W and Marshall, Jesse D and Severson, Kyle S and Aldarondo, Diego E and Hildebrand, David GC and Chettih, Selmaan N and Wang, William L and Gellis, Amanda J and Carlson, David E and Aronov, Dmitriy and others},
  journal   = {Nature methods},
  volume    = {18},
  number    = {5},
  pages     = {564--573},
  year      = {2021},
  publisher = {Nature Publishing Group US New York}
}

@article{dhawale2017automated,
  title     = {Automated long-term recording and analysis of neural activity in behaving animals},
  author    = {Dhawale, Ashesh K and Poddar, Rajesh and Wolff, Steffen BE and Normand, Valentin A and Kopelowitz, Evi and {\"O}lveczky, Bence P},
  journal   = {Elife},
  volume    = {6},
  pages     = {e27702},
  year      = {2017},
  publisher = {eLife Sciences Publications, Ltd}
}

@inproceedings{bellemare2017distributional,
  title        = {A distributional perspective on reinforcement learning},
  author       = {Bellemare, Marc G and Dabney, Will and Munos, R{\'e}mi},
  booktitle    = {International conference on machine learning},
  pages        = {449--458},
  year         = {2017},
  organization = {PMLR}
}

@article{dearden1998bayesian,
  title   = {Bayesian Q-learning},
  author  = {Dearden, Richard and Friedman, Nir and Russell, Stuart},
  journal = {Aaai/iaai},
  volume  = {1998},
  pages   = {761--768},
  year    = {1998}
}

@article{morimura2012parametric,
  title   = {Parametric return density estimation for reinforcement learning},
  author  = {Morimura, Tetsuro and Sugiyama, Masashi and Kashima, Hisashi and Hachiya, Hirotaka and Tanaka, Toshiyuki},
  journal = {arXiv preprint arXiv:1203.3497},
  year    = {2012}
}

@inproceedings{morimura2010nonparametric,
  title     = {Nonparametric return distribution approximation for reinforcement learning},
  author    = {Morimura, Tetsuro and Sugiyama, Masashi and Kashima, Hisashi and Hachiya, Hirotaka and Tanaka, Toshiyuki},
  booktitle = {Proceedings of the 27th International Conference on Machine Learning (ICML-10)},
  pages     = {799--806},
  year      = {2010}
}

@book{bellemare2023distributional,
  title     = {Distributional reinforcement learning},
  author    = {Bellemare, Marc G and Dabney, Will and Rowland, Mark},
  year      = {2023},
  publisher = {MIT Press}
}

@inproceedings{dabney2018distributional,
  title     = {Distributional reinforcement learning with quantile regression},
  author    = {Dabney, Will and Rowland, Mark and Bellemare, Marc and Munos, R{\'e}mi},
  booktitle = {Proceedings of the AAAI Conference on Artificial Intelligence},
  volume    = {32},
  year      = {2018}
}

@article{lowet2020distributional,
  title     = {Distributional reinforcement learning in the brain},
  author    = {Lowet, Adam S and Zheng, Qiao and Matias, Sara and Drugowitsch, Jan and Uchida, Naoshige},
  journal   = {Trends in neurosciences},
  volume    = {43},
  number    = {12},
  pages     = {980--997},
  year      = {2020},
  publisher = {Elsevier}
}

@inproceedings{rowland2019statistics,
  title        = {Statistics and samples in distributional reinforcement learning},
  author       = {Rowland, Mark and Dadashi, Robert and Kumar, Saurabh and Munos, R{\'e}mi and Bellemare, Marc G and Dabney, Will},
  booktitle    = {International Conference on Machine Learning},
  pages        = {5528--5536},
  year         = {2019},
  organization = {PMLR}
}

@article{mehta2000experience,
  title     = {Experience-dependent asymmetric shape of hippocampal receptive fields},
  author    = {Mehta, Mayank R and Quirk, Michael C and Wilson, Matthew A},
  journal   = {Neuron},
  volume    = {25},
  number    = {3},
  pages     = {707--715},
  year      = {2000},
  publisher = {Elsevier}
}

@article{alvernhe2011local,
  title     = {Local remapping of place cell firing in the Tolman detour task},
  author    = {Alvernhe, Alice and Save, Etienne and Poucet, Bruno},
  journal   = {European Journal of Neuroscience},
  volume    = {33},
  number    = {9},
  pages     = {1696--1705},
  year      = {2011},
  publisher = {Wiley Online Library}
}

@article{behrens2007learning,
  title     = {Learning the value of information in an uncertain world},
  author    = {Behrens, Timothy EJ and Woolrich, Mark W and Walton, Mark E and Rushworth, Matthew FS},
  journal   = {Nature neuroscience},
  volume    = {10},
  number    = {9},
  pages     = {1214--1221},
  year      = {2007},
  publisher = {Nature Publishing Group US New York}
}

@article{harlow1949formation,
  title     = {The formation of learning sets.},
  author    = {Harlow, Harry F},
  journal   = {Psychological review},
  volume    = {56},
  number    = {1},
  pages     = {51},
  year      = {1949},
  publisher = {American Psychological Association}
}

@article{roesch2007dopamine,
  title     = {Dopamine neurons encode the better option in rats deciding between differently delayed or sized rewards},
  author    = {Roesch, Matthew R and Calu, Donna J and Schoenbaum, Geoffrey},
  journal   = {Nature neuroscience},
  volume    = {10},
  number    = {12},
  pages     = {1615--1624},
  year      = {2007},
  publisher = {Nature Publishing Group US New York}
}

@article{morris2006midbrain,
  title     = {Midbrain dopamine neurons encode decisions for future action},
  author    = {Morris, Genela and Nevet, Alon and Arkadir, David and Vaadia, Eilon and Bergman, Hagai},
  journal   = {Nature neuroscience},
  volume    = {9},
  number    = {8},
  pages     = {1057--1063},
  year      = {2006},
  publisher = {Nature Publishing Group US New York}
}

@article{takahashi2008silencing,
  title     = {Silencing the critics: understanding the effects of cocaine sensitization on dorsolateral and ventral striatum in the context of an actor/critic model},
  author    = {Takahashi, Yuji and Schoenbaum, Geoffrey and Niv, Yael},
  journal   = {Frontiers in neuroscience},
  volume    = {2},
  pages     = {282},
  year      = {2008},
  publisher = {Frontiers}
}

@article{lengyel2007hippocampal,
  title   = {Hippocampal contributions to control: the third way},
  author  = {Lengyel, M{\'a}t{\'e} and Dayan, Peter},
  journal = {Advances in neural information processing systems},
  volume  = {20},
  year    = {2007}
}

@article{killcross2003coordination,
  title     = {Coordination of actions and habits in the medial prefrontal cortex of rats},
  author    = {Killcross, Simon and Coutureau, Etienne},
  journal   = {Cerebral cortex},
  volume    = {13},
  number    = {4},
  pages     = {400--408},
  year      = {2003},
  publisher = {Oxford University Press}
}

@article{botvinick2008hierarchical,
  title     = {Hierarchical models of behavior and prefrontal function},
  author    = {Botvinick, Matthew M},
  journal   = {Trends in cognitive sciences},
  volume    = {12},
  number    = {5},
  pages     = {201--208},
  year      = {2008},
  publisher = {Elsevier}
}

@article{botvinick2009hierarchically,
  title     = {Hierarchically organized behavior and its neural foundations: A reinforcement learning perspective},
  author    = {Botvinick, Matthew M and Niv, Yael and Barto, Andew G},
  journal   = {cognition},
  volume    = {113},
  number    = {3},
  pages     = {262--280},
  year      = {2009},
  publisher = {Elsevier}
}

@article{olds1954positive,
  title     = {Positive reinforcement produced by electrical stimulation of septal area and other regions of rat brain.},
  author    = {Olds, James and Milner, Peter},
  journal   = {Journal of comparative and physiological psychology},
  volume    = {47},
  number    = {6},
  pages     = {419},
  year      = {1954},
  publisher = {American Psychological Association}
}

@article{tsai2009phasic,
  title     = {Phasic firing in dopaminergic neurons is sufficient for behavioral conditioning},
  author    = {Tsai, Hsing-Chen and Zhang, Feng and Adamantidis, Antoine and Stuber, Garret D and Bonci, Antonello and De Lecea, Luis and Deisseroth, Karl},
  journal   = {Science},
  volume    = {324},
  number    = {5930},
  pages     = {1080--1084},
  year      = {2009},
  publisher = {American Association for the Advancement of Science}
}

@article{gronauer2022multi,
  title     = {Multi-agent deep reinforcement learning: a survey},
  author    = {Gronauer, Sven and Diepold, Klaus},
  journal   = {Artificial Intelligence Review},
  pages     = {1--49},
  year      = {2022},
  publisher = {Springer}
}

@article{nowe2012game,
  title     = {Game theory and multi-agent reinforcement learning},
  author    = {Now{\'e}, Ann and Vrancx, Peter and De Hauwere, Yann-Micha{\"e}l},
  journal   = {Reinforcement Learning: State-of-the-Art},
  pages     = {441--470},
  year      = {2012},
  publisher = {Springer}
}

@article{akam2015simple,
  title     = {Simple plans or sophisticated habits? State, transition and learning interactions in the two-step task},
  author    = {Akam, Thomas and Costa, Rui and Dayan, Peter},
  journal   = {PLoS computational biology},
  volume    = {11},
  number    = {12},
  pages     = {e1004648},
  year      = {2015},
  publisher = {Public Library of Science San Francisco, CA USA}
}

@article{mizes2023dissociating,
  title     = {Dissociating the contributions of sensorimotor striatum to automatic and visually guided motor sequences},
  author    = {Mizes, Kevin GC and Lindsey, Jack and Escola, G Sean and {\"O}lveczky, Bence P},
  journal   = {Nature Neuroscience},
  pages     = {1--14},
  year      = {2023},
  publisher = {Nature Publishing Group US New York}
}

@article{tano2020local,
  title   = {A local temporal difference code for distributional reinforcement learning},
  author  = {Tano, Pablo and Dayan, Peter and Pouget, Alexandre},
  journal = {Advances in neural information processing systems},
  volume  = {33},
  pages   = {13662--13673},
  year    = {2020}
}

@inproceedings{deisenroth2011pilco,
  title     = {PILCO: A model-based and data-efficient approach to policy search},
  author    = {Deisenroth, Marc and Rasmussen, Carl E},
  booktitle = {Proceedings of the 28th International Conference on machine learning (ICML-11)},
  pages     = {465--472},
  year      = {2011}
}

@article{clavera2020model,
  title   = {Model-augmented actor-critic: Backpropagating through paths},
  author  = {Clavera, Ignasi and Fu, Violet and Abbeel, Pieter},
  journal = {arXiv preprint arXiv:2005.08068},
  year    = {2020}
}

@article{gershman2018successor,
  title     = {The successor representation: its computational logic and neural substrates},
  author    = {Gershman, Samuel J},
  journal   = {Journal of Neuroscience},
  volume    = {38},
  number    = {33},
  pages     = {7193--7200},
  year      = {2018},
  publisher = {Soc Neuroscience}
}

@article{li2022integrating,
  title     = {Integrating artificial and biological neural networks to improve animal task performance using deep reinforcement learning},
  author    = {Li, Chenguang and Kreiman, Gabriel and Ramanathan, Sharad},
  journal   = {bioRxiv},
  pages     = {2022--09},
  year      = {2022},
  publisher = {Cold Spring Harbor Laboratory}
}

@article{haarnoja2018soft,
  title   = {Soft actor-critic algorithms and applications},
  author  = {Haarnoja, Tuomas and Zhou, Aurick and Hartikainen, Kristian and Tucker, George and Ha, Sehoon and Tan, Jie and Kumar, Vikash and Zhu, Henry and Gupta, Abhishek and Abbeel, Pieter and others},
  journal = {arXiv preprint arXiv:1812.05905},
  year    = {2018}
}

@article{hattori2023meta,
  title     = {Meta-reinforcement learning via orbitofrontal cortex},
  author    = {Hattori, Ryoma and Hedrick, Nathan G and Jain, Anant and Chen, Shuqi and You, Hanjia and Hattori, Mariko and Choi, Jun-Hyeok and Lim, Byung Kook and Yasuda, Ryohei and Komiyama, Takaki},
  journal   = {Nature Neuroscience},
  pages     = {1--10},
  year      = {2023},
  publisher = {Nature Publishing Group US New York}
}

@article{jie2010connection,
  title   = {On a connection between importance sampling and the likelihood ratio policy gradient},
  author  = {Jie, Tang and Abbeel, Pieter},
  journal = {Advances in Neural Information Processing Systems},
  volume  = {23},
  year    = {2010}
}

@article{peshkin2002learning,
  title   = {Learning from scarce experience},
  author  = {Peshkin, Leonid and Shelton, Christian R},
  journal = {arXiv preprint cs/0204043},
  year    = {2002}
}

@inproceedings{espeholt2018impala,
  title        = {Impala: Scalable distributed deep-rl with importance weighted actor-learner architectures},
  author       = {Espeholt, Lasse and Soyer, Hubert and Munos, Remi and Simonyan, Karen and Mnih, Vlad and Ward, Tom and Doron, Yotam and Firoiu, Vlad and Harley, Tim and Dunning, Iain and others},
  booktitle    = {International conference on machine learning},
  pages        = {1407--1416},
  year         = {2018},
  organization = {PMLR}
}

@article{fang2023predictive,
  title={Predictive auxiliary objectives in deep RL mimic learning in the brain},
  author={Fang, Ching and Stachenfeld, Kimberly L},
  journal={arXiv preprint arXiv:2310.06089},
  year={2023}
}

@article{wenliang2023distributional,
  title={Distributional Bellman Operators over Mean Embeddings},
  author={Wenliang, Li Kevin and D{\'e}letang, Gr{\'e}goire and Aitchison, Matthew and Hutter, Marcus and Ruoss, Anian and Gretton, Arthur and Rowland, Mark},
  journal={arXiv preprint arXiv:2312.07358},
  year={2023}
}

@article{aldarondo2024virtual,
  title={A virtual rodent predicts the structure of neural activity across behaviors},
  author={Aldarondo, Diego and Merel, Josh and Marshall, Jesse D and Hasenclever, Leonard and Klibaite, Ugne and Gellis, Amanda and Tassa, Yuval and Wayne, Greg and Botvinick, Matthew and {\"O}lveczky, Bence P},
  journal={Nature},
  pages={1--3},
  year={2024},
  publisher={Nature Publishing Group UK London}
}

@article{rushworth2011frontal,
  title={Frontal cortex and reward-guided learning and decision-making},
  author={Rushworth, Matthew FS and Noonan, MaryAnn P and Boorman, Erie D and Walton, Mark E and Behrens, Timothy E},
  journal={Neuron},
  volume={70},
  number={6},
  pages={1054--1069},
  year={2011},
  publisher={Elsevier}
}

@article{sutton1988learning,
  title={Learning to predict by the methods of temporal differences},
  author={Sutton, Richard S},
  journal={Machine learning},
  volume={3},
  pages={9--44},
  year={1988},
  publisher={Springer}
}

@article{tolman1948cognitive,
  title={Cognitive maps in rats and men.},
  author={Tolman, Edward C},
  journal={Psychological review},
  volume={55},
  number={4},
  pages={189},
  year={1948},
  publisher={American Psychological Association}
}

@article{blodgett1929effect,
  title={The effect of the introduction of reward upon the maze performance of rats.},
  author={Blodgett, Hugh Carlton},
  journal={University of California publications in psychology},
  year={1929}
}

@article{huys2012bonsai,
  title={Bonsai trees in your head: how the pavlovian system sculpts goal-directed choices by pruning decision trees},
  author={Huys, Quentin JM and Eshel, Neir and O'Nions, Elizabeth and Sheridan, Luke and Dayan, Peter and Roiser, Jonathan P},
  journal={PLoS computational biology},
  volume={8},
  number={3},
  pages={e1002410},
  year={2012},
  publisher={Public Library of Science San Francisco, USA}
}

@article{song2017reward,
  title={Reward-based training of recurrent neural networks for cognitive and value-based tasks},
  author={Song, H Francis and Yang, Guangyu R and Wang, Xiao-Jing},
  journal={Elife},
  volume={6},
  pages={e21492},
  year={2017},
  publisher={eLife Sciences Publications, Ltd}
}

@article{piray2024reconciling,
  title={Reconciling Flexibility and Efficiency: Medial Entorhinal Cortex Represents a Compositional Cognitive Map},
  author={Piray, Payam and Daw, Nathaniel Douglass},
  journal={bioRxiv},
  pages={2024--05},
  year={2024},
  publisher={Cold Spring Harbor Laboratory}
}

@article{juechems2019does,
  title={Where does value come from?},
  author={Juechems, Keno and Summerfield, Christopher},
  journal={Trends in cognitive sciences},
  volume={23},
  number={10},
  pages={836--850},
  year={2019},
  publisher={Elsevier}
}

@article{team2023gemini,
  title={Gemini: a family of highly capable multimodal models},
  author={Gemini Team and Anil, Rohan and Borgeaud, Sebastian and Wu, Yonghui and Alayrac, Jean-Baptiste and Yu, Jiahui and Soricut, Radu and Schalkwyk, Johan and Dai, Andrew M and Hauth, Anja and others},
  journal={arXiv preprint arXiv:2312.11805},
  year={2023}
}

@article{silver2021reward,
  title={Reward is enough},
  author={Silver, David and Singh, Satinder and Precup, Doina and Sutton, Richard S},
  journal={Artificial Intelligence},
  volume={299},
  pages={103535},
  year={2021},
  publisher={Elsevier}
}

@article{viswanathan1999optimizing,
  title={Optimizing the success of random searches},
  author={Viswanathan, Gandimohan M and Buldyrev, Sergey V and Havlin, Shlomo and da Luz, Marcos GE and Raposo, Ernesto P and Stanley, H Eugene},
  journal={nature},
  volume={401},
  number={6756},
  pages={911--914},
  year={1999},
  publisher={Nature Publishing Group UK London}
}

@article{miller2001integrative,
  title={An integrative theory of prefrontal cortex function},
  author={Miller, Earl K and Cohen, Jonathan D},
  journal={Annual review of neuroscience},
  volume={24},
  number={1},
  pages={167--202},
  year={2001},
  publisher={Annual Reviews 4139 El Camino Way, PO Box 10139, Palo Alto, CA 94303-0139, USA}
}

@article{tervo2014behavioral,
  title={Behavioral variability through stochastic choice and its gating by anterior cingulate cortex},
  author={Tervo, Dougal GR and Proskurin, Mikhail and Manakov, Maxim and Kabra, Mayank and Vollmer, Alison and Branson, Kristin and Karpova, Alla Y},
  journal={Cell},
  volume={159},
  number={1},
  pages={21--32},
  year={2014},
  publisher={Elsevier}
}

@article{dubois2021human,
  title={Human complex exploration strategies are enriched by noradrenaline-modulated heuristics},
  author={Dubois, Magda and Habicht, Johanna and Michely, Jochen and Moran, Rani and Dolan, Ray J and Hauser, Tobias U},
  journal={Elife},
  volume={10},
  pages={e59907},
  year={2021},
  publisher={eLife Sciences Publications, Ltd}
}

@article{ahmadlou2021cell,
  title={A cell type--specific cortico-subcortical brain circuit for investigatory and novelty-seeking behavior},
  author={Ahmadlou, Mehran and Houba, Janou HW and van Vierbergen, Jacqueline FM and Giannouli, Maria and Gimenez, Geoffrey-Alexander and van Weeghel, Christiaan and Darbanfouladi, Maryam and Shirazi, Maryam Yasamin and Dziubek, Julia and Kacem, Mejdy and others},
  journal={Science},
  volume={372},
  number={6543},
  pages={eabe9681},
  year={2021},
  publisher={American Association for the Advancement of Science}
}

@article{olveczky2005vocal,
  title={Vocal experimentation in the juvenile songbird requires a basal ganglia circuit},
  author={{\"O}lveczky, Bence P and Andalman, Aaron S and Fee, Michale S},
  journal={PLoS biology},
  volume={3},
  number={5},
  pages={e153},
  year={2005},
  publisher={Public Library of Science San Francisco, USA}
}

@article{sousa2023dopamine,
  title={Dopamine neurons encode a multidimensional probabilistic map of future reward},
  author={Sousa, Margarida and Bujalski, Pawel and Cruz, Bruno F and Louie, Kenway and McNamee, Daniel and Paton, Joseph J},
  journal={bioRxiv},
  pages={2023--11},
  year={2023},
  publisher={Cold Spring Harbor Laboratory}
}

@article{nota2019policy,
  title={Is the policy gradient a gradient?},
  author={Nota, Chris and Thomas, Philip S},
  journal={arXiv preprint arXiv:1906.07073},
  year={2019}
}
